%YAML 1.1
%TAG !u! tag:unity3d.com,2011:
--- !u!1 &1317881897
GameObject:
  m_ObjectHideFlags: 0
  m_CorrespondingSourceObject: {fileID: 0}
  m_PrefabInstance: {fileID: 0}
  m_PrefabAsset: {fileID: 0}
  serializedVersion: 6
  m_Component:
  - component: {fileID: 1317881898}
  - component: {fileID: 1317881900}
  - component: {fileID: 1317881899}
  m_Layer: 5
  m_Name: HealthRemaining
  m_TagString: Untagged
  m_Icon: {fileID: 0}
  m_NavMeshLayer: 0
  m_StaticEditorFlags: 0
  m_IsActive: 1
--- !u!224 &1317881898
RectTransform:
  m_ObjectHideFlags: 0
  m_CorrespondingSourceObject: {fileID: 0}
  m_PrefabInstance: {fileID: 0}
  m_PrefabAsset: {fileID: 0}
  m_GameObject: {fileID: 1317881897}
  m_LocalRotation: {x: -0, y: -0, z: -0, w: 1}
  m_LocalPosition: {x: 0, y: 0, z: 99}
  m_LocalScale: {x: 0.018518519, y: 0.018518519, z: 0.009259259}
  m_Children: []
  m_Father: {fileID: 932989187927297575}
  m_RootOrder: 2
  m_LocalEulerAnglesHint: {x: 0, y: 0, z: 0}
  m_AnchorMin: {x: 0.5, y: 0.5}
  m_AnchorMax: {x: 0.5, y: 0.5}
  m_AnchoredPosition: {x: 12.925, y: 0.68796}
  m_SizeDelta: {x: 142.717, y: 69.795}
  m_Pivot: {x: 0.5, y: 0.5}
--- !u!222 &1317881900
CanvasRenderer:
  m_ObjectHideFlags: 0
  m_CorrespondingSourceObject: {fileID: 0}
  m_PrefabInstance: {fileID: 0}
  m_PrefabAsset: {fileID: 0}
  m_GameObject: {fileID: 1317881897}
  m_CullTransparentMesh: 0
--- !u!114 &1317881899
MonoBehaviour:
  m_ObjectHideFlags: 0
  m_CorrespondingSourceObject: {fileID: 0}
  m_PrefabInstance: {fileID: 0}
  m_PrefabAsset: {fileID: 0}
  m_GameObject: {fileID: 1317881897}
  m_Enabled: 1
  m_EditorHideFlags: 0
  m_Script: {fileID: 11500000, guid: 5f7201a12d95ffc409449d95f23cf332, type: 3}
  m_Name: 
  m_EditorClassIdentifier: 
  m_Material: {fileID: 0}
  m_Color: {r: 0.19607843, g: 0.19607843, b: 0.19607843, a: 1}
  m_RaycastTarget: 1
  m_OnCullStateChanged:
    m_PersistentCalls:
      m_Calls: []
  m_FontData:
    m_Font: {fileID: 10102, guid: 0000000000000000e000000000000000, type: 0}
    m_FontSize: 50
    m_FontStyle: 0
    m_BestFit: 0
    m_MinSize: 5
    m_MaxSize: 50
    m_Alignment: 0
    m_AlignByGeometry: 0
    m_RichText: 1
    m_HorizontalOverflow: 0
    m_VerticalOverflow: 0
    m_LineSpacing: 1
  m_Text: 100 %
--- !u!1 &2049434692
GameObject:
  m_ObjectHideFlags: 0
  m_CorrespondingSourceObject: {fileID: 0}
  m_PrefabInstance: {fileID: 0}
  m_PrefabAsset: {fileID: 0}
  serializedVersion: 6
  m_Component:
  - component: {fileID: 2049434693}
  - component: {fileID: 2049434695}
  - component: {fileID: 2049434694}
  m_Layer: 5
  m_Name: Name
  m_TagString: Untagged
  m_Icon: {fileID: 0}
  m_NavMeshLayer: 0
  m_StaticEditorFlags: 0
  m_IsActive: 1
--- !u!224 &2049434693
RectTransform:
  m_ObjectHideFlags: 0
  m_CorrespondingSourceObject: {fileID: 0}
  m_PrefabInstance: {fileID: 0}
  m_PrefabAsset: {fileID: 0}
  m_GameObject: {fileID: 2049434692}
  m_LocalRotation: {x: -0, y: -0, z: -0, w: 1}
  m_LocalPosition: {x: 0, y: 0, z: 99}
  m_LocalScale: {x: 0.018518519, y: 0.018518519, z: 0.009259259}
  m_Children: []
  m_Father: {fileID: 932989187927297575}
  m_RootOrder: 1
  m_LocalEulerAnglesHint: {x: 0, y: 0, z: 0}
  m_AnchorMin: {x: 0.5, y: 0.5}
  m_AnchorMax: {x: 0.5, y: 0.5}
  m_AnchoredPosition: {x: 4.9799805, y: 0.68795776}
  m_SizeDelta: {x: 289.5, y: 69.795}
  m_Pivot: {x: 0.5, y: 0.5}
--- !u!222 &2049434695
CanvasRenderer:
  m_ObjectHideFlags: 0
  m_CorrespondingSourceObject: {fileID: 0}
  m_PrefabInstance: {fileID: 0}
  m_PrefabAsset: {fileID: 0}
  m_GameObject: {fileID: 2049434692}
  m_CullTransparentMesh: 0
--- !u!114 &2049434694
MonoBehaviour:
  m_ObjectHideFlags: 0
  m_CorrespondingSourceObject: {fileID: 0}
  m_PrefabInstance: {fileID: 0}
  m_PrefabAsset: {fileID: 0}
  m_GameObject: {fileID: 2049434692}
  m_Enabled: 1
  m_EditorHideFlags: 0
  m_Script: {fileID: 11500000, guid: 5f7201a12d95ffc409449d95f23cf332, type: 3}
  m_Name: 
  m_EditorClassIdentifier: 
  m_Material: {fileID: 0}
  m_Color: {r: 0.19607843, g: 0.19607843, b: 0.19607843, a: 1}
  m_RaycastTarget: 1
  m_OnCullStateChanged:
    m_PersistentCalls:
      m_Calls: []
  m_FontData:
    m_Font: {fileID: 12800000, guid: 3c865fc2bda727b20add21ef488ae82c, type: 3}
    m_FontSize: 50
    m_FontStyle: 0
    m_BestFit: 0
    m_MinSize: 5
    m_MaxSize: 50
    m_Alignment: 0
    m_AlignByGeometry: 0
    m_RichText: 1
    m_HorizontalOverflow: 0
    m_VerticalOverflow: 0
    m_LineSpacing: 1
  m_Text: Jantung
--- !u!1 &128553677964622027
GameObject:
  m_ObjectHideFlags: 0
  m_CorrespondingSourceObject: {fileID: 0}
  m_PrefabInstance: {fileID: 0}
  m_PrefabAsset: {fileID: 0}
  serializedVersion: 6
  m_Component:
  - component: {fileID: 128553677964622026}
  - component: {fileID: 128553677964622028}
  - component: {fileID: 128553677964622029}
  m_Layer: 5
  m_Name: HeartHealthBar
  m_TagString: Untagged
  m_Icon: {fileID: 0}
  m_NavMeshLayer: 0
  m_StaticEditorFlags: 0
  m_IsActive: 1
--- !u!224 &128553677964622026
RectTransform:
  m_ObjectHideFlags: 0
  m_CorrespondingSourceObject: {fileID: 0}
  m_PrefabInstance: {fileID: 0}
  m_PrefabAsset: {fileID: 0}
  m_GameObject: {fileID: 128553677964622027}
  m_LocalRotation: {x: -0, y: -0, z: -0, w: 1}
  m_LocalPosition: {x: 0, y: 0, z: 99}
  m_LocalScale: {x: 0.018518519, y: 0.018518519, z: 0.009259259}
  m_Children:
  - {fileID: 128553679219693020}
  - {fileID: 128553679437923102}
  m_Father: {fileID: 932989187927297575}
  m_RootOrder: 0
  m_LocalEulerAnglesHint: {x: 0, y: 0, z: 0}
  m_AnchorMin: {x: 0.5, y: 0.5}
  m_AnchorMax: {x: 0.5, y: 0.5}
  m_AnchoredPosition: {x: 8.29, y: -0.75}
  m_SizeDelta: {x: 647.838, y: 82.8}
  m_Pivot: {x: 0.5, y: 0.5}
--- !u!114 &128553677964622028
MonoBehaviour:
  m_ObjectHideFlags: 0
  m_CorrespondingSourceObject: {fileID: 0}
  m_PrefabInstance: {fileID: 0}
  m_PrefabAsset: {fileID: 0}
  m_GameObject: {fileID: 128553677964622027}
  m_Enabled: 1
  m_EditorHideFlags: 0
  m_Script: {fileID: 11500000, guid: 67db9e8f0e2ae9c40bc1e2b64352a6b4, type: 3}
  m_Name: 
  m_EditorClassIdentifier: 
  m_Navigation:
    m_Mode: 0
    m_SelectOnUp: {fileID: 0}
    m_SelectOnDown: {fileID: 0}
    m_SelectOnLeft: {fileID: 0}
    m_SelectOnRight: {fileID: 0}
  m_Transition: 0
  m_Colors:
    m_NormalColor: {r: 1, g: 1, b: 1, a: 1}
    m_HighlightedColor: {r: 0.9607843, g: 0.9607843, b: 0.9607843, a: 1}
    m_PressedColor: {r: 0.78431374, g: 0.78431374, b: 0.78431374, a: 1}
    m_SelectedColor: {r: 0.9607843, g: 0.9607843, b: 0.9607843, a: 1}
    m_DisabledColor: {r: 0.78431374, g: 0.78431374, b: 0.78431374, a: 0.5019608}
    m_ColorMultiplier: 1
    m_FadeDuration: 0.1
  m_SpriteState:
    m_HighlightedSprite: {fileID: 0}
    m_PressedSprite: {fileID: 0}
    m_SelectedSprite: {fileID: 0}
    m_DisabledSprite: {fileID: 0}
  m_AnimationTriggers:
    m_NormalTrigger: Normal
    m_HighlightedTrigger: Highlighted
    m_PressedTrigger: Pressed
    m_SelectedTrigger: Selected
    m_DisabledTrigger: Disabled
  m_Interactable: 0
  m_TargetGraphic: {fileID: 0}
  m_FillRect: {fileID: 128553679219693020}
  m_HandleRect: {fileID: 0}
  m_Direction: 0
  m_MinValue: 0
  m_MaxValue: 1
  m_WholeNumbers: 0
  m_Value: 1
  m_OnValueChanged:
    m_PersistentCalls:
      m_Calls: []
--- !u!114 &128553677964622029
MonoBehaviour:
  m_ObjectHideFlags: 0
  m_CorrespondingSourceObject: {fileID: 0}
  m_PrefabInstance: {fileID: 0}
  m_PrefabAsset: {fileID: 0}
  m_GameObject: {fileID: 128553677964622027}
  m_Enabled: 1
  m_EditorHideFlags: 0
  m_Script: {fileID: 11500000, guid: 7d7f1af0b189ea4f7a4b092c2d7b6391, type: 3}
  m_Name: 
  m_EditorClassIdentifier: 
  Slider: {fileID: 128553677964622028}
--- !u!1 &128553679182120481
GameObject:
  m_ObjectHideFlags: 0
  m_CorrespondingSourceObject: {fileID: 0}
  m_PrefabInstance: {fileID: 0}
  m_PrefabAsset: {fileID: 0}
  serializedVersion: 6
  m_Component:
  - component: {fileID: 932989187927297575}
  - component: {fileID: 128553679182120482}
  - component: {fileID: 128553679182120483}
  - component: {fileID: 128553679182120485}
  - component: {fileID: 8956293707660779488}
  m_Layer: 0
  m_Name: Heart
  m_TagString: Untagged
  m_Icon: {fileID: 0}
  m_NavMeshLayer: 0
  m_StaticEditorFlags: 0
  m_IsActive: 1
--- !u!224 &932989187927297575
RectTransform:
  m_ObjectHideFlags: 0
  m_CorrespondingSourceObject: {fileID: 0}
  m_PrefabInstance: {fileID: 0}
  m_PrefabAsset: {fileID: 0}
  m_GameObject: {fileID: 128553679182120481}
  m_LocalRotation: {x: 0, y: 0, z: 0, w: 1}
  m_LocalPosition: {x: 0, y: 0, z: -10692}
  m_LocalScale: {x: 54, y: 54, z: 108}
  m_Children:
  - {fileID: 128553677964622026}
  - {fileID: 2049434693}
  - {fileID: 1317881898}
  m_Father: {fileID: 0}
  m_RootOrder: 0
  m_LocalEulerAnglesHint: {x: 0, y: 0, z: 0}
  m_AnchorMin: {x: 0.5, y: 0.5}
  m_AnchorMax: {x: 0.5, y: 0.5}
  m_AnchoredPosition: {x: -781.92, y: 324}
  m_SizeDelta: {x: 4.5, y: 4.51}
  m_Pivot: {x: 0.5, y: 0.5}
--- !u!114 &128553679182120482
MonoBehaviour:
  m_ObjectHideFlags: 0
  m_CorrespondingSourceObject: {fileID: 0}
  m_PrefabInstance: {fileID: 0}
  m_PrefabAsset: {fileID: 0}
  m_GameObject: {fileID: 128553679182120481}
  m_Enabled: 1
  m_EditorHideFlags: 0
  m_Script: {fileID: 11500000, guid: c833f47ad4566f7d181a7938f083c557, type: 3}
  m_Name: 
  m_EditorClassIdentifier: 
  _name: Jantung
  _health: 70
  _healthBar: {fileID: 128553677964622029}
  _healthText: {fileID: 1317881897}
--- !u!212 &128553679182120483
SpriteRenderer:
  m_ObjectHideFlags: 0
  m_CorrespondingSourceObject: {fileID: 0}
  m_PrefabInstance: {fileID: 0}
  m_PrefabAsset: {fileID: 0}
  m_GameObject: {fileID: 128553679182120481}
  m_Enabled: 1
  m_CastShadows: 0
  m_ReceiveShadows: 0
  m_DynamicOccludee: 1
  m_MotionVectors: 1
  m_LightProbeUsage: 1
  m_ReflectionProbeUsage: 1
  m_RayTracingMode: 0
  m_RenderingLayerMask: 1
  m_RendererPriority: 0
  m_Materials:
  - {fileID: 10754, guid: 0000000000000000f000000000000000, type: 0}
  m_StaticBatchInfo:
    firstSubMesh: 0
    subMeshCount: 0
  m_StaticBatchRoot: {fileID: 0}
  m_ProbeAnchor: {fileID: 0}
  m_LightProbeVolumeOverride: {fileID: 0}
  m_ScaleInLightmap: 1
  m_ReceiveGI: 1
  m_PreserveUVs: 0
  m_IgnoreNormalsForChartDetection: 0
  m_ImportantGI: 0
  m_StitchLightmapSeams: 1
  m_SelectedEditorRenderState: 0
  m_MinimumChartSize: 4
  m_AutoUVMaxDistance: 0.5
  m_AutoUVMaxAngle: 89
  m_LightmapParameters: {fileID: 0}
  m_SortingLayerID: 0
  m_SortingLayer: 0
  m_SortingOrder: 1
  m_Sprite: {fileID: 21300000, guid: adbc623814be8cd0ea8871101bab21a8, type: 3}
  m_Color: {r: 1, g: 1, b: 1, a: 1}
  m_FlipX: 0
  m_FlipY: 0
  m_DrawMode: 0
  m_Size: {x: 4.5, y: 4.51}
  m_AdaptiveModeThreshold: 0.5
  m_SpriteTileMode: 0
  m_WasSpriteAssigned: 1
  m_MaskInteraction: 0
  m_SpriteSortPoint: 0
--- !u!60 &128553679182120485
PolygonCollider2D:
  m_ObjectHideFlags: 0
  m_CorrespondingSourceObject: {fileID: 0}
  m_PrefabInstance: {fileID: 0}
  m_PrefabAsset: {fileID: 0}
  m_GameObject: {fileID: 128553679182120481}
  m_Enabled: 1
  m_Density: 1
  m_Material: {fileID: 0}
  m_IsTrigger: 0
  m_UsedByEffector: 0
  m_UsedByComposite: 0
  m_Offset: {x: 0, y: 0}
  m_SpriteTilingProperty:
    border: {x: 0, y: 0, z: 0, w: 0}
    pivot: {x: 0.5, y: 0.5}
    oldSize: {x: 4.5, y: 4.51}
    newSize: {x: 4.5, y: 4.51}
    adaptiveTilingThreshold: 0.5
    drawMode: 0
    adaptiveTiling: 0
  m_AutoTiling: 0
  m_Points:
    m_Paths:
    - - {x: 0.90999997, y: -1.505}
      - {x: 1.12, y: -1.355}
      - {x: 1.3, y: -1.1949999}
      - {x: 1.4699999, y: -0.965}
      - {x: 1.53, y: -0.865}
      - {x: 1.66, y: -0.59499997}
      - {x: 1.68, y: -0.505}
      - {x: 1.74, y: -0.285}
      - {x: 1.75, y: -0.16499999}
      - {x: 1.75, y: 0.114999995}
      - {x: 1.73, y: 0.275}
      - {x: 1.6999999, y: 0.475}
      - {x: 1.5999999, y: 0.745}
      - {x: 1.49, y: 0.945}
      - {x: 1.38, y: 1.0849999}
      - {x: 1.15, y: 1.3249999}
      - {x: 1.01, y: 1.435}
      - {x: 0.84999996, y: 1.535}
      - {x: 0.7, y: 1.615}
      - {x: 0.59999996, y: 1.645}
      - {x: 0.51, y: 1.675}
      - {x: 0.41, y: 1.7049999}
      - {x: 0.22999999, y: 1.735}
      - {x: 0.14, y: 1.745}
      - {x: -0.16, y: 1.745}
      - {x: -0.35999998, y: 1.7149999}
      - {x: -0.52, y: 1.675}
      - {x: -0.7, y: 1.605}
      - {x: -0.91999996, y: 1.495}
      - {x: -1.01, y: 1.435}
      - {x: -1.15, y: 1.3249999}
      - {x: -1.38, y: 1.0849999}
      - {x: -1.41, y: 1.035}
      - {x: -1.51, y: 0.895}
      - {x: -1.66, y: 0.59499997}
      - {x: -1.7199999, y: 0.39499998}
      - {x: -1.74, y: 0.205}
      - {x: -1.75, y: 0.114999995}
      - {x: -1.75, y: -0.21499999}
      - {x: -1.7199999, y: -0.39499998}
      - {x: -1.68, y: -0.515}
      - {x: -1.61, y: -0.695}
      - {x: -1.52, y: -0.885}
      - {x: -1.42, y: -1.035}
      - {x: -1.36, y: -1.115}
      - {x: -1.1899999, y: -1.285}
      - {x: -1.0699999, y: -1.395}
      - {x: -0.98999995, y: -1.4449999}
      - {x: -0.90999997, y: -1.505}
      - {x: -0.61, y: -1.645}
      - {x: -0.42, y: -1.7049999}
      - {x: -0.32, y: -1.7249999}
      - {x: -0.19, y: -1.745}
      - {x: -0.04, y: -1.755}
      - {x: 0.089999996, y: -1.755}
      - {x: 0.26999998, y: -1.735}
      - {x: 0.5, y: -1.6949999}
      - {x: 0.71, y: -1.605}
    - - {x: -0.39, y: -1.5849999}
      - {x: -0.63, y: -1.505}
      - {x: -0.65, y: -1.505}
      - {x: -0.84, y: -1.395}
      - {x: -1.06, y: -1.245}
      - {x: -1.24, y: -1.0749999}
      - {x: -1.24, y: -1.0649999}
      - {x: -1.3399999, y: -0.935}
      - {x: -1.43, y: -0.775}
      - {x: -1.55, y: -0.505}
      - {x: -1.61, y: -0.24499999}
      - {x: -1.62, y: -0.16499999}
      - {x: -1.63, y: 0.155}
      - {x: -1.62, y: 0.16499999}
      - {x: -1.5799999, y: 0.42499998}
      - {x: -1.56, y: 0.465}
      - {x: -1.5, y: 0.635}
      - {x: -1.42, y: 0.805}
      - {x: -1.4, y: 0.825}
      - {x: -1.2099999, y: 1.095}
      - {x: -1.1, y: 1.2049999}
      - {x: -0.85999995, y: 1.385}
      - {x: -0.59, y: 1.525}
      - {x: -0.56, y: 1.515}
      - {x: -0.48, y: 1.555}
      - {x: -0.32, y: 1.5949999}
      - {x: -0.19, y: 1.615}
      - {x: -0.04, y: 1.625}
      - {x: 0.19, y: 1.615}
      - {x: 0.37, y: 1.5849999}
      - {x: 0.62, y: 1.505}
      - {x: 0.81, y: 1.415}
      - {x: 0.83, y: 1.395}
      - {x: 1.1, y: 1.2049999}
      - {x: 1.27, y: 1.025}
      - {x: 1.4, y: 0.825}
      - {x: 1.5, y: 0.635}
      - {x: 1.56, y: 0.465}
      - {x: 1.61, y: 0.24499999}
      - {x: 1.62, y: 0.16499999}
      - {x: 1.63, y: -0.155}
      - {x: 1.62, y: -0.16499999}
      - {x: 1.5899999, y: -0.355}
      - {x: 1.53, y: -0.585}
      - {x: 1.5, y: -0.60499996}
      - {x: 1.43, y: -0.775}
      - {x: 1.36, y: -0.895}
      - {x: 1.24, y: -1.0649999}
      - {x: 1.0699999, y: -1.245}
      - {x: 1.06, y: -1.245}
      - {x: 0.84, y: -1.395}
      - {x: 0.65, y: -1.495}
      - {x: 0.57, y: -1.515}
      - {x: 0.39, y: -1.5849999}
      - {x: 0.14, y: -1.625}
      - {x: -0.13, y: -1.635}
      - {x: -0.14, y: -1.625}
    - - {x: 0.68, y: -1.4649999}
      - {x: 0.84, y: -1.385}
      - {x: 1, y: -1.275}
      - {x: 1.22, y: -1.0649999}
      - {x: 1.3, y: -0.955}
      - {x: 1.3, y: -0.91499996}
      - {x: 1.27, y: -0.895}
      - {x: 1.1999999, y: -0.965}
      - {x: 1.16, y: -1.035}
      - {x: 1.04, y: -1.155}
      - {x: 0.84, y: -1.305}
      - {x: 0.78, y: -1.345}
      - {x: 0.61, y: -1.425}
      - {x: 0.26999998, y: -1.515}
      - {x: 0.11, y: -1.535}
      - {x: -0.099999994, y: -1.555}
      - {x: -0.11, y: -1.545}
      - {x: -0.35999998, y: -1.505}
      - {x: -0.58, y: -1.435}
      - {x: -0.77, y: -1.345}
      - {x: -0.78999996, y: -1.3249999}
      - {x: -1.02, y: -1.165}
      - {x: -1.17, y: -1.025}
      - {x: -1.17, y: -1.015}
      - {x: -1.3199999, y: -0.79499996}
      - {x: -1.43, y: -0.60499996}
      - {x: -1.43, y: -0.585}
      - {x: -1.51, y: -0.325}
      - {x: -1.54, y: -0.105}
      - {x: -1.55, y: 0.095}
      - {x: -1.54, y: 0.105}
      - {x: -1.51, y: 0.325}
      - {x: -1.4699999, y: 0.475}
      - {x: -1.35, y: 0.755}
      - {x: -1.3299999, y: 0.775}
      - {x: -1.14, y: 1.045}
      - {x: -1.05, y: 1.135}
      - {x: -0.83, y: 1.305}
      - {x: -0.72999996, y: 1.355}
      - {x: -0.64, y: 1.405}
      - {x: -0.45999998, y: 1.475}
      - {x: -0.25, y: 1.525}
      - {x: -0.17, y: 1.535}
      - {x: -0.03, y: 1.545}
      - {x: 0.19, y: 1.535}
      - {x: 0.35999998, y: 1.505}
      - {x: 0.58, y: 1.435}
      - {x: 0.78999996, y: 1.3349999}
      - {x: 0.81, y: 1.3149999}
      - {x: 1.09, y: 1.105}
      - {x: 1.1999999, y: 0.97499996}
      - {x: 1.31, y: 0.835}
      - {x: 1.4499999, y: 0.545}
      - {x: 1.4599999, y: 0.48499998}
      - {x: 1.48, y: 0.465}
      - {x: 1.54, y: 0.185}
      - {x: 1.55, y: 0.055}
      - {x: 1.54, y: -0.185}
      - {x: 1.52, y: -0.315}
      - {x: 1.4499999, y: -0.555}
      - {x: 1.4499999, y: -0.59499997}
      - {x: 1.48, y: -0.615}
      - {x: 1.53, y: -0.555}
      - {x: 1.5799999, y: -0.33499998}
      - {x: 1.5999999, y: -0.225}
      - {x: 1.61, y: -0.145}
      - {x: 1.61, y: 0.145}
      - {x: 1.5899999, y: 0.285}
      - {x: 1.55, y: 0.45499998}
      - {x: 1.5, y: 0.59499997}
      - {x: 1.41, y: 0.79499996}
      - {x: 1.3199999, y: 0.935}
      - {x: 1.1999999, y: 1.0749999}
      - {x: 1.1, y: 1.185}
      - {x: 0.96999997, y: 1.285}
      - {x: 0.84999996, y: 1.375}
      - {x: 0.55, y: 1.525}
      - {x: 0.35, y: 1.5849999}
      - {x: 0.22, y: 1.605}
      - {x: -0.14999999, y: 1.605}
      - {x: -0.28, y: 1.5849999}
      - {x: -0.45999998, y: 1.545}
      - {x: -0.65, y: 1.485}
      - {x: -0.89, y: 1.345}
      - {x: -0.96, y: 1.295}
      - {x: -1.06, y: 1.2149999}
      - {x: -1.2099999, y: 1.055}
      - {x: -1.3199999, y: 0.92499995}
      - {x: -1.39, y: 0.815}
      - {x: -1.5, y: 0.585}
      - {x: -1.5699999, y: 0.355}
      - {x: -1.5999999, y: 0.175}
      - {x: -1.5999999, y: -0.175}
      - {x: -1.5699999, y: -0.345}
      - {x: -1.54, y: -0.475}
      - {x: -1.49, y: -0.60499996}
      - {x: -1.41, y: -0.78499997}
      - {x: -1.3299999, y: -0.91499996}
      - {x: -1.27, y: -0.995}
      - {x: -1.04, y: -1.235}
      - {x: -0.95, y: -1.305}
      - {x: -0.78, y: -1.415}
      - {x: -0.56, y: -1.525}
      - {x: -0.35, y: -1.5749999}
      - {x: -0.24, y: -1.605}
      - {x: 0.19999999, y: -1.605}
      - {x: 0.39999998, y: -1.5649999}
      - {x: 0.48, y: -1.555}
    - - {x: 0.81, y: -1.0849999}
      - {x: 0.83, y: -0.895}
      - {x: 0.85999995, y: -0.755}
      - {x: 0.88, y: -0.625}
      - {x: 0.88, y: -0.48499998}
      - {x: 0.87, y: -0.39499998}
      - {x: 0.83, y: -0.185}
      - {x: 0.83, y: 0.035}
      - {x: 0.81, y: 0.13499999}
      - {x: 0.76, y: 0.305}
      - {x: 0.57, y: 0.565}
      - {x: 0.63, y: 0.545}
      - {x: 0.74, y: 0.565}
      - {x: 0.78, y: 0.655}
      - {x: 0.75, y: 0.885}
      - {x: 0.71, y: 0.92499995}
      - {x: 0.61, y: 0.965}
      - {x: 0.53999996, y: 1.005}
      - {x: 0.52, y: 1.105}
      - {x: 0.45999998, y: 1.165}
      - {x: 0.35, y: 1.2149999}
      - {x: 0.38, y: 1.3349999}
      - {x: 0.29999998, y: 1.395}
      - {x: 0.13, y: 1.385}
      - {x: 0.049999997, y: 1.3349999}
      - {x: -0.049999997, y: 1.4649999}
      - {x: -0.19999999, y: 1.4649999}
      - {x: -0.26, y: 1.425}
      - {x: -0.31, y: 1.375}
      - {x: -0.29, y: 1.265}
      - {x: -0.26, y: 1.165}
      - {x: -0.51, y: 1.125}
      - {x: -0.61, y: 1.105}
      - {x: -0.68, y: 0.98499995}
      - {x: -0.71, y: 0.815}
      - {x: -0.71, y: 0.675}
      - {x: -0.88, y: 0.39499998}
      - {x: -0.94, y: 0.16499999}
      - {x: -0.96, y: 0.074999996}
      - {x: -0.96999997, y: -0.13499999}
      - {x: -0.96999997, y: -0.295}
      - {x: -0.91999996, y: -0.49499997}
      - {x: -0.84, y: -0.635}
      - {x: -0.74, y: -0.78499997}
      - {x: -0.64, y: -0.895}
      - {x: -0.39999998, y: -1.0849999}
      - {x: -0.26999998, y: -1.165}
      - {x: 0.11, y: -1.345}
      - {x: 0.28, y: -1.385}
      - {x: 0.39999998, y: -1.415}
      - {x: 0.58, y: -1.415}
      - {x: 0.71999997, y: -1.345}
      - {x: 0.78999996, y: -1.265}
      - {x: 0.81, y: -1.165}
    - - {x: -0.64, y: 1.385}
      - {x: -0.90999997, y: 1.225}
      - {x: -1.09, y: 1.005}
      - {x: -1.0799999, y: 0.97499996}
      - {x: -1.06, y: 0.97499996}
      - {x: -0.5, y: 1.295}
      - {x: -0.5, y: 1.365}
      - {x: -0.51, y: 1.385}
--- !u!222 &8956293707660779488
CanvasRenderer:
  m_ObjectHideFlags: 0
  m_CorrespondingSourceObject: {fileID: 0}
  m_PrefabInstance: {fileID: 0}
  m_PrefabAsset: {fileID: 0}
  m_GameObject: {fileID: 128553679182120481}
  m_CullTransparentMesh: 0
--- !u!1 &128553679219693021
GameObject:
  m_ObjectHideFlags: 0
  m_CorrespondingSourceObject: {fileID: 0}
  m_PrefabInstance: {fileID: 0}
  m_PrefabAsset: {fileID: 0}
  serializedVersion: 6
  m_Component:
  - component: {fileID: 128553679219693020}
  - component: {fileID: 128553679219693022}
  - component: {fileID: 128553679219693023}
  m_Layer: 5
  m_Name: Fill
  m_TagString: Untagged
  m_Icon: {fileID: 0}
  m_NavMeshLayer: 0
  m_StaticEditorFlags: 0
  m_IsActive: 1
--- !u!224 &128553679219693020
RectTransform:
  m_ObjectHideFlags: 0
  m_CorrespondingSourceObject: {fileID: 0}
  m_PrefabInstance: {fileID: 0}
  m_PrefabAsset: {fileID: 0}
  m_GameObject: {fileID: 128553679219693021}
  m_LocalRotation: {x: 0, y: 0, z: 0, w: 1}
  m_LocalPosition: {x: 0, y: 0, z: 0}
  m_LocalScale: {x: 1, y: 1, z: 1}
  m_Children: []
  m_Father: {fileID: 128553677964622026}
  m_RootOrder: 0
  m_LocalEulerAnglesHint: {x: 0, y: 0, z: 0}
  m_AnchorMin: {x: 0, y: 0}
  m_AnchorMax: {x: 0, y: 0}
  m_AnchoredPosition: {x: 0, y: 0}
  m_SizeDelta: {x: 0, y: 0}
  m_Pivot: {x: 0.5, y: 0.5}
--- !u!222 &128553679219693022
CanvasRenderer:
  m_ObjectHideFlags: 0
  m_CorrespondingSourceObject: {fileID: 0}
  m_PrefabInstance: {fileID: 0}
  m_PrefabAsset: {fileID: 0}
  m_GameObject: {fileID: 128553679219693021}
  m_CullTransparentMesh: 0
--- !u!114 &128553679219693023
MonoBehaviour:
  m_ObjectHideFlags: 0
  m_CorrespondingSourceObject: {fileID: 0}
  m_PrefabInstance: {fileID: 0}
  m_PrefabAsset: {fileID: 0}
  m_GameObject: {fileID: 128553679219693021}
  m_Enabled: 1
  m_EditorHideFlags: 0
  m_Script: {fileID: 11500000, guid: fe87c0e1cc204ed48ad3b37840f39efc, type: 3}
  m_Name: 
  m_EditorClassIdentifier: 
  m_Material: {fileID: 0}
  m_Color: {r: 1, g: 0.25369406, b: 0.22745097, a: 1}
  m_RaycastTarget: 1
  m_OnCullStateChanged:
    m_PersistentCalls:
      m_Calls: []
  m_Sprite: {fileID: 0}
  m_Type: 0
  m_PreserveAspect: 0
  m_FillCenter: 1
  m_FillMethod: 4
  m_FillAmount: 1
  m_FillClockwise: 1
  m_FillOrigin: 0
  m_UseSpriteMesh: 0
  m_PixelsPerUnitMultiplier: 1
--- !u!1 &128553679437923103
GameObject:
  m_ObjectHideFlags: 0
  m_CorrespondingSourceObject: {fileID: 0}
  m_PrefabInstance: {fileID: 0}
  m_PrefabAsset: {fileID: 0}
  serializedVersion: 6
  m_Component:
  - component: {fileID: 128553679437923102}
  - component: {fileID: 128553679437923072}
  - component: {fileID: 128553679437923073}
  m_Layer: 5
  m_Name: Border
  m_TagString: Untagged
  m_Icon: {fileID: 0}
  m_NavMeshLayer: 0
  m_StaticEditorFlags: 0
  m_IsActive: 1
--- !u!224 &128553679437923102
RectTransform:
  m_ObjectHideFlags: 0
  m_CorrespondingSourceObject: {fileID: 0}
  m_PrefabInstance: {fileID: 0}
  m_PrefabAsset: {fileID: 0}
  m_GameObject: {fileID: 128553679437923103}
  m_LocalRotation: {x: -0, y: -0, z: -0, w: 1}
  m_LocalPosition: {x: 0, y: 0, z: 0}
  m_LocalScale: {x: 1, y: 1, z: 1}
  m_Children: []
  m_Father: {fileID: 128553677964622026}
  m_RootOrder: 1
  m_LocalEulerAnglesHint: {x: 0, y: 0, z: 0}
  m_AnchorMin: {x: 0, y: 0}
  m_AnchorMax: {x: 1, y: 1}
  m_AnchoredPosition: {x: 0, y: 0}
  m_SizeDelta: {x: -0.2000122, y: 0}
  m_Pivot: {x: 0.5, y: 0.5}
--- !u!222 &128553679437923072
CanvasRenderer:
  m_ObjectHideFlags: 0
  m_CorrespondingSourceObject: {fileID: 0}
  m_PrefabInstance: {fileID: 0}
  m_PrefabAsset: {fileID: 0}
  m_GameObject: {fileID: 128553679437923103}
  m_CullTransparentMesh: 0
--- !u!114 &128553679437923073
MonoBehaviour:
  m_ObjectHideFlags: 0
  m_CorrespondingSourceObject: {fileID: 0}
  m_PrefabInstance: {fileID: 0}
  m_PrefabAsset: {fileID: 0}
  m_GameObject: {fileID: 128553679437923103}
  m_Enabled: 1
  m_EditorHideFlags: 0
  m_Script: {fileID: 11500000, guid: fe87c0e1cc204ed48ad3b37840f39efc, type: 3}
  m_Name: 
  m_EditorClassIdentifier: 
  m_Material: {fileID: 0}
  m_Color: {r: 1, g: 1, b: 1, a: 1}
  m_RaycastTarget: 1
  m_OnCullStateChanged:
    m_PersistentCalls:
      m_Calls: []
  m_Sprite: {fileID: 21300000, guid: 60ba0d063a320eab49f68dffa922c0b4, type: 3}
  m_Type: 0
  m_PreserveAspect: 0
  m_FillCenter: 1
  m_FillMethod: 4
  m_FillAmount: 1
  m_FillClockwise: 1
  m_FillOrigin: 0
  m_UseSpriteMesh: 0
  m_PixelsPerUnitMultiplier: 1
