%YAML 1.1
%TAG !u! tag:unity3d.com,2011:
--- !u!1 &2330705770730892607
GameObject:
  m_ObjectHideFlags: 0
  m_CorrespondingSourceObject: {fileID: 0}
  m_PrefabInstance: {fileID: 0}
  m_PrefabAsset: {fileID: 0}
  serializedVersion: 6
  m_Component:
  - component: {fileID: 3270254165431526713}
  - component: {fileID: 2330705770730892605}
  - component: {fileID: 2330705770730892603}
  - component: {fileID: 6763218908700325118}
  - component: {fileID: 2330705770730892606}
  m_Layer: 0
  m_Name: ParuParu
  m_TagString: Untagged
  m_Icon: {fileID: 0}
  m_NavMeshLayer: 0
  m_StaticEditorFlags: 0
  m_IsActive: 1
--- !u!224 &3270254165431526713
RectTransform:
  m_ObjectHideFlags: 0
  m_CorrespondingSourceObject: {fileID: 0}
  m_PrefabInstance: {fileID: 0}
  m_PrefabAsset: {fileID: 0}
  m_GameObject: {fileID: 2330705770730892607}
  m_LocalRotation: {x: -0, y: -0, z: -0, w: 1}
  m_LocalPosition: {x: 0, y: 0, z: 0}
  m_LocalScale: {x: 54, y: 54, z: 108}
  m_Children:
  - {fileID: 2382428777955693145}
  - {fileID: 6691240096097135997}
  - {fileID: 6777703860170896043}
  m_Father: {fileID: 0}
  m_RootOrder: 0
  m_LocalEulerAnglesHint: {x: 0, y: 0, z: 0}
  m_AnchorMin: {x: 0.5, y: 0.5}
  m_AnchorMax: {x: 0.5, y: 0.5}
  m_AnchoredPosition: {x: -472.3, y: 259.5}
  m_SizeDelta: {x: 8.3, y: 8.3}
  m_Pivot: {x: 0.5, y: 0.5}
--- !u!212 &2330705770730892605
SpriteRenderer:
  m_ObjectHideFlags: 0
  m_CorrespondingSourceObject: {fileID: 0}
  m_PrefabInstance: {fileID: 0}
  m_PrefabAsset: {fileID: 0}
  m_GameObject: {fileID: 2330705770730892607}
  m_Enabled: 1
  m_CastShadows: 0
  m_ReceiveShadows: 0
  m_DynamicOccludee: 1
  m_MotionVectors: 1
  m_LightProbeUsage: 1
  m_ReflectionProbeUsage: 1
  m_RayTracingMode: 0
  m_RenderingLayerMask: 1
  m_RendererPriority: 0
  m_Materials:
  - {fileID: 10754, guid: 0000000000000000f000000000000000, type: 0}
  m_StaticBatchInfo:
    firstSubMesh: 0
    subMeshCount: 0
  m_StaticBatchRoot: {fileID: 0}
  m_ProbeAnchor: {fileID: 0}
  m_LightProbeVolumeOverride: {fileID: 0}
  m_ScaleInLightmap: 1
  m_ReceiveGI: 1
  m_PreserveUVs: 0
  m_IgnoreNormalsForChartDetection: 0
  m_ImportantGI: 0
  m_StitchLightmapSeams: 1
  m_SelectedEditorRenderState: 0
  m_MinimumChartSize: 4
  m_AutoUVMaxDistance: 0.5
  m_AutoUVMaxAngle: 89
  m_LightmapParameters: {fileID: 0}
  m_SortingLayerID: 0
  m_SortingLayer: 0
  m_SortingOrder: 1
  m_Sprite: {fileID: 21300000, guid: f0cb6917e4cbbe4689bccdbeccffc961, type: 3}
  m_Color: {r: 1, g: 1, b: 1, a: 1}
  m_FlipX: 0
  m_FlipY: 0
  m_DrawMode: 0
  m_Size: {x: 3.93, y: 3.78}
  m_AdaptiveModeThreshold: 0.5
  m_SpriteTileMode: 0
  m_WasSpriteAssigned: 1
  m_MaskInteraction: 0
  m_SpriteSortPoint: 0
--- !u!60 &2330705770730892603
PolygonCollider2D:
  m_ObjectHideFlags: 0
  m_CorrespondingSourceObject: {fileID: 0}
  m_PrefabInstance: {fileID: 0}
  m_PrefabAsset: {fileID: 0}
  m_GameObject: {fileID: 2330705770730892607}
  m_Enabled: 1
  m_Density: 1
  m_Material: {fileID: 0}
  m_IsTrigger: 0
  m_UsedByEffector: 0
  m_UsedByComposite: 0
  m_Offset: {x: 0, y: 0}
  m_SpriteTilingProperty:
    border: {x: 0, y: 0, z: 0, w: 0}
    pivot: {x: 0.5, y: 0.5}
    oldSize: {x: 9.97, y: 10.22}
    newSize: {x: 3.93, y: 3.78}
    adaptiveTilingThreshold: 0.5
    drawMode: 0
    adaptiveTiling: 0
  m_AutoTiling: 0
  m_Points:
    m_Paths:
    - - {x: 0.90999997, y: -1.505}
      - {x: 1.12, y: -1.355}
      - {x: 1.3, y: -1.1949999}
      - {x: 1.4699999, y: -0.965}
      - {x: 1.53, y: -0.865}
      - {x: 1.66, y: -0.59499997}
      - {x: 1.68, y: -0.505}
      - {x: 1.74, y: -0.285}
      - {x: 1.75, y: -0.16499999}
      - {x: 1.75, y: 0.114999995}
      - {x: 1.73, y: 0.275}
      - {x: 1.6999999, y: 0.475}
      - {x: 1.5999999, y: 0.745}
      - {x: 1.49, y: 0.945}
      - {x: 1.38, y: 1.0849999}
      - {x: 1.15, y: 1.3249999}
      - {x: 1.01, y: 1.435}
      - {x: 0.84999996, y: 1.535}
      - {x: 0.7, y: 1.615}
      - {x: 0.59999996, y: 1.645}
      - {x: 0.51, y: 1.675}
      - {x: 0.41, y: 1.7049999}
      - {x: 0.22999999, y: 1.735}
      - {x: 0.14, y: 1.745}
      - {x: -0.16, y: 1.745}
      - {x: -0.35999998, y: 1.7149999}
      - {x: -0.52, y: 1.675}
      - {x: -0.7, y: 1.605}
      - {x: -0.91999996, y: 1.495}
      - {x: -1.01, y: 1.435}
      - {x: -1.15, y: 1.3249999}
      - {x: -1.38, y: 1.0849999}
      - {x: -1.41, y: 1.035}
      - {x: -1.51, y: 0.895}
      - {x: -1.66, y: 0.59499997}
      - {x: -1.7199999, y: 0.39499998}
      - {x: -1.74, y: 0.205}
      - {x: -1.75, y: 0.114999995}
      - {x: -1.75, y: -0.21499999}
      - {x: -1.7199999, y: -0.39499998}
      - {x: -1.68, y: -0.515}
      - {x: -1.61, y: -0.695}
      - {x: -1.52, y: -0.885}
      - {x: -1.42, y: -1.035}
      - {x: -1.36, y: -1.115}
      - {x: -1.1899999, y: -1.285}
      - {x: -1.0699999, y: -1.395}
      - {x: -0.98999995, y: -1.4449999}
      - {x: -0.90999997, y: -1.505}
      - {x: -0.61, y: -1.645}
      - {x: -0.42, y: -1.7049999}
      - {x: -0.32, y: -1.7249999}
      - {x: -0.19, y: -1.745}
      - {x: -0.04, y: -1.755}
      - {x: 0.089999996, y: -1.755}
      - {x: 0.26999998, y: -1.735}
      - {x: 0.5, y: -1.6949999}
      - {x: 0.71, y: -1.605}
    - - {x: -0.39, y: -1.5849999}
      - {x: -0.63, y: -1.505}
      - {x: -0.65, y: -1.505}
      - {x: -0.84, y: -1.395}
      - {x: -1.06, y: -1.245}
      - {x: -1.24, y: -1.0749999}
      - {x: -1.24, y: -1.0649999}
      - {x: -1.3399999, y: -0.935}
      - {x: -1.43, y: -0.775}
      - {x: -1.55, y: -0.505}
      - {x: -1.61, y: -0.24499999}
      - {x: -1.62, y: -0.16499999}
      - {x: -1.63, y: 0.155}
      - {x: -1.62, y: 0.16499999}
      - {x: -1.5799999, y: 0.42499998}
      - {x: -1.56, y: 0.465}
      - {x: -1.5, y: 0.635}
      - {x: -1.42, y: 0.805}
      - {x: -1.4, y: 0.825}
      - {x: -1.2099999, y: 1.095}
      - {x: -1.1, y: 1.2049999}
      - {x: -0.85999995, y: 1.385}
      - {x: -0.59, y: 1.525}
      - {x: -0.56, y: 1.515}
      - {x: -0.48, y: 1.555}
      - {x: -0.32, y: 1.5949999}
      - {x: -0.19, y: 1.615}
      - {x: -0.04, y: 1.625}
      - {x: 0.19, y: 1.615}
      - {x: 0.37, y: 1.5849999}
      - {x: 0.62, y: 1.505}
      - {x: 0.81, y: 1.415}
      - {x: 0.83, y: 1.395}
      - {x: 1.1, y: 1.2049999}
      - {x: 1.27, y: 1.025}
      - {x: 1.4, y: 0.825}
      - {x: 1.5, y: 0.635}
      - {x: 1.56, y: 0.465}
      - {x: 1.61, y: 0.24499999}
      - {x: 1.62, y: 0.16499999}
      - {x: 1.63, y: -0.155}
      - {x: 1.62, y: -0.16499999}
      - {x: 1.5899999, y: -0.355}
      - {x: 1.53, y: -0.585}
      - {x: 1.5, y: -0.60499996}
      - {x: 1.43, y: -0.775}
      - {x: 1.36, y: -0.895}
      - {x: 1.24, y: -1.0649999}
      - {x: 1.0699999, y: -1.245}
      - {x: 1.06, y: -1.245}
      - {x: 0.84, y: -1.395}
      - {x: 0.65, y: -1.495}
      - {x: 0.57, y: -1.515}
      - {x: 0.39, y: -1.5849999}
      - {x: 0.14, y: -1.625}
      - {x: -0.13, y: -1.635}
      - {x: -0.14, y: -1.625}
    - - {x: 0.68, y: -1.4649999}
      - {x: 0.84, y: -1.385}
      - {x: 1, y: -1.275}
      - {x: 1.22, y: -1.0649999}
      - {x: 1.3, y: -0.955}
      - {x: 1.3, y: -0.91499996}
      - {x: 1.27, y: -0.895}
      - {x: 1.1999999, y: -0.965}
      - {x: 1.16, y: -1.035}
      - {x: 1.04, y: -1.155}
      - {x: 0.84, y: -1.305}
      - {x: 0.78, y: -1.345}
      - {x: 0.61, y: -1.425}
      - {x: 0.26999998, y: -1.515}
      - {x: 0.11, y: -1.535}
      - {x: -0.099999994, y: -1.555}
      - {x: -0.11, y: -1.545}
      - {x: -0.35999998, y: -1.505}
      - {x: -0.58, y: -1.435}
      - {x: -0.77, y: -1.345}
      - {x: -0.78999996, y: -1.3249999}
      - {x: -1.02, y: -1.165}
      - {x: -1.17, y: -1.025}
      - {x: -1.17, y: -1.015}
      - {x: -1.3199999, y: -0.79499996}
      - {x: -1.43, y: -0.60499996}
      - {x: -1.43, y: -0.585}
      - {x: -1.51, y: -0.325}
      - {x: -1.54, y: -0.105}
      - {x: -1.55, y: 0.095}
      - {x: -1.54, y: 0.105}
      - {x: -1.51, y: 0.325}
      - {x: -1.4699999, y: 0.475}
      - {x: -1.35, y: 0.755}
      - {x: -1.3299999, y: 0.775}
      - {x: -1.14, y: 1.045}
      - {x: -1.05, y: 1.135}
      - {x: -0.83, y: 1.305}
      - {x: -0.72999996, y: 1.355}
      - {x: -0.64, y: 1.405}
      - {x: -0.45999998, y: 1.475}
      - {x: -0.25, y: 1.525}
      - {x: -0.17, y: 1.535}
      - {x: -0.03, y: 1.545}
      - {x: 0.19, y: 1.535}
      - {x: 0.35999998, y: 1.505}
      - {x: 0.58, y: 1.435}
      - {x: 0.78999996, y: 1.3349999}
      - {x: 0.81, y: 1.3149999}
      - {x: 1.09, y: 1.105}
      - {x: 1.1999999, y: 0.97499996}
      - {x: 1.31, y: 0.835}
      - {x: 1.4499999, y: 0.545}
      - {x: 1.4599999, y: 0.48499998}
      - {x: 1.48, y: 0.465}
      - {x: 1.54, y: 0.185}
      - {x: 1.55, y: 0.055}
      - {x: 1.54, y: -0.185}
      - {x: 1.52, y: -0.315}
      - {x: 1.4499999, y: -0.555}
      - {x: 1.4499999, y: -0.59499997}
      - {x: 1.48, y: -0.615}
      - {x: 1.53, y: -0.555}
      - {x: 1.5799999, y: -0.33499998}
      - {x: 1.5999999, y: -0.225}
      - {x: 1.61, y: -0.145}
      - {x: 1.61, y: 0.145}
      - {x: 1.5899999, y: 0.285}
      - {x: 1.55, y: 0.45499998}
      - {x: 1.5, y: 0.59499997}
      - {x: 1.41, y: 0.79499996}
      - {x: 1.3199999, y: 0.935}
      - {x: 1.1999999, y: 1.0749999}
      - {x: 1.1, y: 1.185}
      - {x: 0.96999997, y: 1.285}
      - {x: 0.84999996, y: 1.375}
      - {x: 0.55, y: 1.525}
      - {x: 0.35, y: 1.5849999}
      - {x: 0.22, y: 1.605}
      - {x: -0.14999999, y: 1.605}
      - {x: -0.28, y: 1.5849999}
      - {x: -0.45999998, y: 1.545}
      - {x: -0.65, y: 1.485}
      - {x: -0.89, y: 1.345}
      - {x: -0.96, y: 1.295}
      - {x: -1.06, y: 1.2149999}
      - {x: -1.2099999, y: 1.055}
      - {x: -1.3199999, y: 0.92499995}
      - {x: -1.39, y: 0.815}
      - {x: -1.5, y: 0.585}
      - {x: -1.5699999, y: 0.355}
      - {x: -1.5999999, y: 0.175}
      - {x: -1.5999999, y: -0.175}
      - {x: -1.5699999, y: -0.345}
      - {x: -1.54, y: -0.475}
      - {x: -1.49, y: -0.60499996}
      - {x: -1.41, y: -0.78499997}
      - {x: -1.3299999, y: -0.91499996}
      - {x: -1.27, y: -0.995}
      - {x: -1.04, y: -1.235}
      - {x: -0.95, y: -1.305}
      - {x: -0.78, y: -1.415}
      - {x: -0.56, y: -1.525}
      - {x: -0.35, y: -1.5749999}
      - {x: -0.24, y: -1.605}
      - {x: 0.19999999, y: -1.605}
      - {x: 0.39999998, y: -1.5649999}
      - {x: 0.48, y: -1.555}
    - - {x: 0.81, y: -1.0849999}
      - {x: 0.83, y: -0.895}
      - {x: 0.85999995, y: -0.755}
      - {x: 0.88, y: -0.625}
      - {x: 0.88, y: -0.48499998}
      - {x: 0.87, y: -0.39499998}
      - {x: 0.83, y: -0.185}
      - {x: 0.83, y: 0.035}
      - {x: 0.81, y: 0.13499999}
      - {x: 0.76, y: 0.305}
      - {x: 0.57, y: 0.565}
      - {x: 0.63, y: 0.545}
      - {x: 0.74, y: 0.565}
      - {x: 0.78, y: 0.655}
      - {x: 0.75, y: 0.885}
      - {x: 0.71, y: 0.92499995}
      - {x: 0.61, y: 0.965}
      - {x: 0.53999996, y: 1.005}
      - {x: 0.52, y: 1.105}
      - {x: 0.45999998, y: 1.165}
      - {x: 0.35, y: 1.2149999}
      - {x: 0.38, y: 1.3349999}
      - {x: 0.29999998, y: 1.395}
      - {x: 0.13, y: 1.385}
      - {x: 0.049999997, y: 1.3349999}
      - {x: -0.049999997, y: 1.4649999}
      - {x: -0.19999999, y: 1.4649999}
      - {x: -0.26, y: 1.425}
      - {x: -0.31, y: 1.375}
      - {x: -0.29, y: 1.265}
      - {x: -0.26, y: 1.165}
      - {x: -0.51, y: 1.125}
      - {x: -0.61, y: 1.105}
      - {x: -0.68, y: 0.98499995}
      - {x: -0.71, y: 0.815}
      - {x: -0.71, y: 0.675}
      - {x: -0.88, y: 0.39499998}
      - {x: -0.94, y: 0.16499999}
      - {x: -0.96, y: 0.074999996}
      - {x: -0.96999997, y: -0.13499999}
      - {x: -0.96999997, y: -0.295}
      - {x: -0.91999996, y: -0.49499997}
      - {x: -0.84, y: -0.635}
      - {x: -0.74, y: -0.78499997}
      - {x: -0.64, y: -0.895}
      - {x: -0.39999998, y: -1.0849999}
      - {x: -0.26999998, y: -1.165}
      - {x: 0.11, y: -1.345}
      - {x: 0.28, y: -1.385}
      - {x: 0.39999998, y: -1.415}
      - {x: 0.58, y: -1.415}
      - {x: 0.71999997, y: -1.345}
      - {x: 0.78999996, y: -1.265}
      - {x: 0.81, y: -1.165}
    - - {x: -0.64, y: 1.385}
      - {x: -0.90999997, y: 1.225}
      - {x: -1.09, y: 1.005}
      - {x: -1.0799999, y: 0.97499996}
      - {x: -1.06, y: 0.97499996}
      - {x: -0.5, y: 1.295}
      - {x: -0.5, y: 1.365}
      - {x: -0.51, y: 1.385}
--- !u!222 &6763218908700325118
CanvasRenderer:
  m_ObjectHideFlags: 0
  m_CorrespondingSourceObject: {fileID: 0}
  m_PrefabInstance: {fileID: 0}
  m_PrefabAsset: {fileID: 0}
  m_GameObject: {fileID: 2330705770730892607}
  m_CullTransparentMesh: 0
--- !u!114 &2330705770730892606
MonoBehaviour:
  m_ObjectHideFlags: 0
  m_CorrespondingSourceObject: {fileID: 0}
  m_PrefabInstance: {fileID: 0}
  m_PrefabAsset: {fileID: 0}
  m_GameObject: {fileID: 2330705770730892607}
  m_Enabled: 1
  m_EditorHideFlags: 0
  m_Script: {fileID: 11500000, guid: eb1fc442ad23f3a4395064979f38aa3f, type: 3}
  m_Name: 
  m_EditorClassIdentifier: 
  _organ: {fileID: 11400000, guid: 532f1127625d680419062be382b39403, type: 2}
  _canvas: {fileID: 0}
  _nameText: {fileID: 0}
  _healthBar: {fileID: 0}
  _healthText: {fileID: 0}
  _medicOptionPanel: {fileID: 0}
  _conventionalMedicOption: {fileID: 0}
  _herbalMedicOption: {fileID: 0}
  _selfMedicOption: {fileID: 0}
  _intensifMedicOption: {fileID: 0}
  _useMedic: {fileID: 0}
  HerbalCares:
  - {fileID: 11400000, guid: 5fa14218a5015559e8002b0681643f99, type: 2}
  - {fileID: 11400000, guid: 1d8d56278a946c15dadc0bc4486d263f, type: 2}
  - {fileID: 0}
  ConventionalCares:
  - {fileID: 11400000, guid: 856ea92fe59f4bd1db6a9579a5a6122f, type: 2}
  - {fileID: 11400000, guid: 258eeb2c6b05e6e4397ee4d28a0d6be6, type: 2}
  - {fileID: 11400000, guid: 1165736605c2b9c2d96e39597fde80dc, type: 2}
  SelfCares:
  - {fileID: 11400000, guid: a727c4449da747dbfb2932e2d3766a27, type: 2}
  - {fileID: 11400000, guid: cb284909f2409463d84c2473aa15f436, type: 2}
  - {fileID: 0}
  IntensifCares:
  - {fileID: 11400000, guid: ef952877ea5c804f98934f4f40d035ba, type: 2}
  - {fileID: 11400000, guid: 2c58f672e907f00d4b7657405bdfba23, type: 2}
  - {fileID: 11400000, guid: 78688872599107e43b224ed1452618ca, type: 2}
--- !u!1001 &418059074300150531
PrefabInstance:
  m_ObjectHideFlags: 0
  serializedVersion: 2
  m_Modification:
    m_TransformParent: {fileID: 3270254165431526713}
    m_Modifications:
    - target: {fileID: 2656324274377036121, guid: 09e766486b9481ffebda48712e25de69,
        type: 3}
      propertyPath: m_Name
      value: HealthRemaining
      objectReference: {fileID: 0}
    - target: {fileID: 2656324274377036122, guid: 09e766486b9481ffebda48712e25de69,
        type: 3}
      propertyPath: m_LocalPosition.x
      value: 0
      objectReference: {fileID: 0}
    - target: {fileID: 2656324274377036122, guid: 09e766486b9481ffebda48712e25de69,
        type: 3}
      propertyPath: m_LocalPosition.y
      value: 0
      objectReference: {fileID: 0}
    - target: {fileID: 2656324274377036122, guid: 09e766486b9481ffebda48712e25de69,
        type: 3}
      propertyPath: m_LocalPosition.z
      value: 99
      objectReference: {fileID: 0}
    - target: {fileID: 2656324274377036122, guid: 09e766486b9481ffebda48712e25de69,
        type: 3}
      propertyPath: m_LocalRotation.x
      value: -0
      objectReference: {fileID: 0}
    - target: {fileID: 2656324274377036122, guid: 09e766486b9481ffebda48712e25de69,
        type: 3}
      propertyPath: m_LocalRotation.y
      value: -0
      objectReference: {fileID: 0}
    - target: {fileID: 2656324274377036122, guid: 09e766486b9481ffebda48712e25de69,
        type: 3}
      propertyPath: m_LocalRotation.z
      value: -0
      objectReference: {fileID: 0}
    - target: {fileID: 2656324274377036122, guid: 09e766486b9481ffebda48712e25de69,
        type: 3}
      propertyPath: m_LocalRotation.w
      value: 1
      objectReference: {fileID: 0}
    - target: {fileID: 2656324274377036122, guid: 09e766486b9481ffebda48712e25de69,
        type: 3}
      propertyPath: m_RootOrder
      value: 0
      objectReference: {fileID: 0}
    - target: {fileID: 2656324274377036122, guid: 09e766486b9481ffebda48712e25de69,
        type: 3}
      propertyPath: m_LocalEulerAnglesHint.x
      value: 0
      objectReference: {fileID: 0}
    - target: {fileID: 2656324274377036122, guid: 09e766486b9481ffebda48712e25de69,
        type: 3}
      propertyPath: m_LocalEulerAnglesHint.y
      value: 0
      objectReference: {fileID: 0}
    - target: {fileID: 2656324274377036122, guid: 09e766486b9481ffebda48712e25de69,
        type: 3}
      propertyPath: m_LocalEulerAnglesHint.z
      value: 0
      objectReference: {fileID: 0}
    - target: {fileID: 2656324274377036122, guid: 09e766486b9481ffebda48712e25de69,
        type: 3}
      propertyPath: m_AnchoredPosition.x
      value: 12.587
      objectReference: {fileID: 0}
    - target: {fileID: 2656324274377036122, guid: 09e766486b9481ffebda48712e25de69,
        type: 3}
      propertyPath: m_AnchoredPosition.y
      value: 0.68796
      objectReference: {fileID: 0}
    - target: {fileID: 2656324274377036122, guid: 09e766486b9481ffebda48712e25de69,
        type: 3}
      propertyPath: m_SizeDelta.x
      value: 179.301
      objectReference: {fileID: 0}
    - target: {fileID: 2656324274377036122, guid: 09e766486b9481ffebda48712e25de69,
        type: 3}
      propertyPath: m_SizeDelta.y
      value: 69.795
      objectReference: {fileID: 0}
    - target: {fileID: 2656324274377036122, guid: 09e766486b9481ffebda48712e25de69,
        type: 3}
      propertyPath: m_AnchorMin.x
      value: 0.5
      objectReference: {fileID: 0}
    - target: {fileID: 2656324274377036122, guid: 09e766486b9481ffebda48712e25de69,
        type: 3}
      propertyPath: m_AnchorMin.y
      value: 0.5
      objectReference: {fileID: 0}
    - target: {fileID: 2656324274377036122, guid: 09e766486b9481ffebda48712e25de69,
        type: 3}
      propertyPath: m_AnchorMax.x
      value: 0.5
      objectReference: {fileID: 0}
    - target: {fileID: 2656324274377036122, guid: 09e766486b9481ffebda48712e25de69,
        type: 3}
      propertyPath: m_AnchorMax.y
      value: 0.5
      objectReference: {fileID: 0}
    - target: {fileID: 2656324274377036122, guid: 09e766486b9481ffebda48712e25de69,
        type: 3}
      propertyPath: m_Pivot.x
      value: 0.5
      objectReference: {fileID: 0}
    - target: {fileID: 2656324274377036122, guid: 09e766486b9481ffebda48712e25de69,
        type: 3}
      propertyPath: m_Pivot.y
      value: 0.5
      objectReference: {fileID: 0}
    m_RemovedComponents: []
  m_SourcePrefab: {fileID: 100100000, guid: 09e766486b9481ffebda48712e25de69, type: 3}
--- !u!224 &2382428777955693145 stripped
RectTransform:
  m_CorrespondingSourceObject: {fileID: 2656324274377036122, guid: 09e766486b9481ffebda48712e25de69,
    type: 3}
  m_PrefabInstance: {fileID: 418059074300150531}
  m_PrefabAsset: {fileID: 0}
--- !u!1001 &4879944376977050337
PrefabInstance:
  m_ObjectHideFlags: 0
  serializedVersion: 2
  m_Modification:
    m_TransformParent: {fileID: 3270254165431526713}
    m_Modifications:
    - target: {fileID: 2140958381683669066, guid: 11b2909135f9423b4bfb62be826efaf3,
        type: 3}
      propertyPath: m_LocalPosition.x
      value: 0
      objectReference: {fileID: 0}
    - target: {fileID: 2140958381683669066, guid: 11b2909135f9423b4bfb62be826efaf3,
        type: 3}
      propertyPath: m_LocalPosition.y
      value: 0
      objectReference: {fileID: 0}
    - target: {fileID: 2140958381683669066, guid: 11b2909135f9423b4bfb62be826efaf3,
        type: 3}
      propertyPath: m_LocalPosition.z
      value: 99
      objectReference: {fileID: 0}
    - target: {fileID: 2140958381683669066, guid: 11b2909135f9423b4bfb62be826efaf3,
        type: 3}
      propertyPath: m_LocalRotation.x
      value: -0
      objectReference: {fileID: 0}
    - target: {fileID: 2140958381683669066, guid: 11b2909135f9423b4bfb62be826efaf3,
        type: 3}
      propertyPath: m_LocalRotation.y
      value: -0
      objectReference: {fileID: 0}
    - target: {fileID: 2140958381683669066, guid: 11b2909135f9423b4bfb62be826efaf3,
        type: 3}
      propertyPath: m_LocalRotation.z
      value: -0
      objectReference: {fileID: 0}
    - target: {fileID: 2140958381683669066, guid: 11b2909135f9423b4bfb62be826efaf3,
        type: 3}
      propertyPath: m_LocalRotation.w
      value: 1
      objectReference: {fileID: 0}
    - target: {fileID: 2140958381683669066, guid: 11b2909135f9423b4bfb62be826efaf3,
        type: 3}
      propertyPath: m_RootOrder
      value: 2
      objectReference: {fileID: 0}
    - target: {fileID: 2140958381683669066, guid: 11b2909135f9423b4bfb62be826efaf3,
        type: 3}
      propertyPath: m_LocalEulerAnglesHint.x
      value: 0
      objectReference: {fileID: 0}
    - target: {fileID: 2140958381683669066, guid: 11b2909135f9423b4bfb62be826efaf3,
        type: 3}
      propertyPath: m_LocalEulerAnglesHint.y
      value: 0
      objectReference: {fileID: 0}
    - target: {fileID: 2140958381683669066, guid: 11b2909135f9423b4bfb62be826efaf3,
        type: 3}
      propertyPath: m_LocalEulerAnglesHint.z
      value: 0
      objectReference: {fileID: 0}
    - target: {fileID: 2140958381683669066, guid: 11b2909135f9423b4bfb62be826efaf3,
        type: 3}
      propertyPath: m_AnchoredPosition.x
      value: 8.29
      objectReference: {fileID: 0}
    - target: {fileID: 2140958381683669066, guid: 11b2909135f9423b4bfb62be826efaf3,
        type: 3}
      propertyPath: m_AnchoredPosition.y
      value: -0.75
      objectReference: {fileID: 0}
    - target: {fileID: 2140958381683669066, guid: 11b2909135f9423b4bfb62be826efaf3,
        type: 3}
      propertyPath: m_SizeDelta.x
      value: 647.838
      objectReference: {fileID: 0}
    - target: {fileID: 2140958381683669066, guid: 11b2909135f9423b4bfb62be826efaf3,
        type: 3}
      propertyPath: m_SizeDelta.y
      value: 82.8
      objectReference: {fileID: 0}
    - target: {fileID: 2140958381683669066, guid: 11b2909135f9423b4bfb62be826efaf3,
        type: 3}
      propertyPath: m_AnchorMin.x
      value: 0.5
      objectReference: {fileID: 0}
    - target: {fileID: 2140958381683669066, guid: 11b2909135f9423b4bfb62be826efaf3,
        type: 3}
      propertyPath: m_AnchorMin.y
      value: 0.5
      objectReference: {fileID: 0}
    - target: {fileID: 2140958381683669066, guid: 11b2909135f9423b4bfb62be826efaf3,
        type: 3}
      propertyPath: m_AnchorMax.x
      value: 0.5
      objectReference: {fileID: 0}
    - target: {fileID: 2140958381683669066, guid: 11b2909135f9423b4bfb62be826efaf3,
        type: 3}
      propertyPath: m_AnchorMax.y
      value: 0.5
      objectReference: {fileID: 0}
    - target: {fileID: 2140958381683669066, guid: 11b2909135f9423b4bfb62be826efaf3,
        type: 3}
      propertyPath: m_Pivot.x
      value: 0.5
      objectReference: {fileID: 0}
    - target: {fileID: 2140958381683669066, guid: 11b2909135f9423b4bfb62be826efaf3,
        type: 3}
      propertyPath: m_Pivot.y
      value: 0.5
      objectReference: {fileID: 0}
    - target: {fileID: 2140958381683669067, guid: 11b2909135f9423b4bfb62be826efaf3,
        type: 3}
      propertyPath: m_Name
      value: HealthBar 1
      objectReference: {fileID: 0}
    - target: {fileID: 2140958383626605916, guid: 11b2909135f9423b4bfb62be826efaf3,
        type: 3}
      propertyPath: m_AnchorMax.x
      value: 0
      objectReference: {fileID: 0}
    - target: {fileID: 2140958383626605916, guid: 11b2909135f9423b4bfb62be826efaf3,
        type: 3}
      propertyPath: m_AnchorMax.y
      value: 0
      objectReference: {fileID: 0}
    m_RemovedComponents: []
  m_SourcePrefab: {fileID: 100100000, guid: 11b2909135f9423b4bfb62be826efaf3, type: 3}
--- !u!224 &6777703860170896043 stripped
RectTransform:
  m_CorrespondingSourceObject: {fileID: 2140958381683669066, guid: 11b2909135f9423b4bfb62be826efaf3,
    type: 3}
  m_PrefabInstance: {fileID: 4879944376977050337}
  m_PrefabAsset: {fileID: 0}
--- !u!1001 &6887520770552762838
PrefabInstance:
  m_ObjectHideFlags: 0
  serializedVersion: 2
  m_Modification:
    m_TransformParent: {fileID: 3270254165431526713}
    m_Modifications:
    - target: {fileID: 236840080005954730, guid: ef26f7fab44eff82fa71d15bce405edf,
        type: 3}
      propertyPath: m_Name
      value: Name
      objectReference: {fileID: 0}
    - target: {fileID: 236840080005954731, guid: ef26f7fab44eff82fa71d15bce405edf,
        type: 3}
      propertyPath: m_LocalPosition.x
      value: 0
      objectReference: {fileID: 0}
    - target: {fileID: 236840080005954731, guid: ef26f7fab44eff82fa71d15bce405edf,
        type: 3}
      propertyPath: m_LocalPosition.y
      value: 0
      objectReference: {fileID: 0}
    - target: {fileID: 236840080005954731, guid: ef26f7fab44eff82fa71d15bce405edf,
        type: 3}
      propertyPath: m_LocalPosition.z
      value: 99
      objectReference: {fileID: 0}
    - target: {fileID: 236840080005954731, guid: ef26f7fab44eff82fa71d15bce405edf,
        type: 3}
      propertyPath: m_LocalRotation.x
      value: -0
      objectReference: {fileID: 0}
    - target: {fileID: 236840080005954731, guid: ef26f7fab44eff82fa71d15bce405edf,
        type: 3}
      propertyPath: m_LocalRotation.y
      value: -0
      objectReference: {fileID: 0}
    - target: {fileID: 236840080005954731, guid: ef26f7fab44eff82fa71d15bce405edf,
        type: 3}
      propertyPath: m_LocalRotation.z
      value: -0
      objectReference: {fileID: 0}
    - target: {fileID: 236840080005954731, guid: ef26f7fab44eff82fa71d15bce405edf,
        type: 3}
      propertyPath: m_LocalRotation.w
      value: 1
      objectReference: {fileID: 0}
    - target: {fileID: 236840080005954731, guid: ef26f7fab44eff82fa71d15bce405edf,
        type: 3}
      propertyPath: m_RootOrder
      value: 1
      objectReference: {fileID: 0}
    - target: {fileID: 236840080005954731, guid: ef26f7fab44eff82fa71d15bce405edf,
        type: 3}
      propertyPath: m_LocalEulerAnglesHint.x
      value: 0
      objectReference: {fileID: 0}
    - target: {fileID: 236840080005954731, guid: ef26f7fab44eff82fa71d15bce405edf,
        type: 3}
      propertyPath: m_LocalEulerAnglesHint.y
      value: 0
      objectReference: {fileID: 0}
    - target: {fileID: 236840080005954731, guid: ef26f7fab44eff82fa71d15bce405edf,
        type: 3}
      propertyPath: m_LocalEulerAnglesHint.z
      value: 0
      objectReference: {fileID: 0}
    - target: {fileID: 236840080005954731, guid: ef26f7fab44eff82fa71d15bce405edf,
        type: 3}
      propertyPath: m_AnchoredPosition.x
      value: 6.561
      objectReference: {fileID: 0}
    - target: {fileID: 236840080005954731, guid: ef26f7fab44eff82fa71d15bce405edf,
        type: 3}
      propertyPath: m_AnchoredPosition.y
      value: 0.68795776
      objectReference: {fileID: 0}
    - target: {fileID: 236840080005954731, guid: ef26f7fab44eff82fa71d15bce405edf,
        type: 3}
      propertyPath: m_SizeDelta.x
      value: 460.204
      objectReference: {fileID: 0}
    - target: {fileID: 236840080005954731, guid: ef26f7fab44eff82fa71d15bce405edf,
        type: 3}
      propertyPath: m_SizeDelta.y
      value: 69.795
      objectReference: {fileID: 0}
    - target: {fileID: 236840080005954731, guid: ef26f7fab44eff82fa71d15bce405edf,
        type: 3}
      propertyPath: m_AnchorMin.x
      value: 0.5
      objectReference: {fileID: 0}
    - target: {fileID: 236840080005954731, guid: ef26f7fab44eff82fa71d15bce405edf,
        type: 3}
      propertyPath: m_AnchorMin.y
      value: 0.5
      objectReference: {fileID: 0}
    - target: {fileID: 236840080005954731, guid: ef26f7fab44eff82fa71d15bce405edf,
        type: 3}
      propertyPath: m_AnchorMax.x
      value: 0.5
      objectReference: {fileID: 0}
    - target: {fileID: 236840080005954731, guid: ef26f7fab44eff82fa71d15bce405edf,
        type: 3}
      propertyPath: m_AnchorMax.y
      value: 0.5
      objectReference: {fileID: 0}
    - target: {fileID: 236840080005954731, guid: ef26f7fab44eff82fa71d15bce405edf,
        type: 3}
      propertyPath: m_Pivot.x
      value: 0.5
      objectReference: {fileID: 0}
    - target: {fileID: 236840080005954731, guid: ef26f7fab44eff82fa71d15bce405edf,
        type: 3}
      propertyPath: m_Pivot.y
      value: 0.5
      objectReference: {fileID: 0}
    m_RemovedComponents: []
  m_SourcePrefab: {fileID: 100100000, guid: ef26f7fab44eff82fa71d15bce405edf, type: 3}
--- !u!224 &6691240096097135997 stripped
RectTransform:
  m_CorrespondingSourceObject: {fileID: 236840080005954731, guid: ef26f7fab44eff82fa71d15bce405edf,
    type: 3}
  m_PrefabInstance: {fileID: 6887520770552762838}
  m_PrefabAsset: {fileID: 0}
